@article{allahyari2017brief,
title={A brief survey of text mining: Classification, clustering and extraction techniques},
author={Allahyari, Mehdi and Pouriyeh, Seyedamin and Assefi, Mehdi and Safaei, Saied and Trippe, Elizabeth D and Gutierrez, Juan B and Kochut, Krys},
journal={arXiv preprint arXiv:1707.02919},
year={2017}
}
@inproceedings{mccallum1998comparison,
title={A comparison of event models for naive bayes text classification},
author={McCallum, Andrew and Nigam, Kamal and others},
booktitle={AAAI-98 workshop on learning for text categorization},
volume={752},
pages={41--48},
year={1998},
organization={Citeseer}
}
@article{mikolov2013efficient,
title={Efficient estimation of word representations in vector space},
author={Mikolov, Tomas and Chen, Kai and Corrado, Greg and Dean, Jeffrey},
journal={arXiv preprint arXiv:1301.3781},
year={2013}
}
@manual{GovernmentManual,
title={Open data webservice van overheid.nl},
author={The Dutch Government},
year={2016}
}
@manual{GithubVU,
title={Officiele Bekendmakingen scraper},
author={Kasper Welbers},
organisation={VU},
year={2015}
}
@book{manning2008introduction,
title={Introduction to information retrieval},
author={Manning, Christopher D and Raghavan, Prabhakar and Sch{\"u}tze, Hinrich and others},
volume={1},
number={1},
year={2008},
publisher={Cambridge university press Cambridge}
}
@article{kim2014convolutional,
title={Convolutional neural networks for sentence classification},
author={Kim, Yoon},
journal={arXiv preprint arXiv:1408.5882},
year={2014}
}
@InProceedings{tulkens2016evaluating,
author = {Stephan Tulkens and Chris Emmery and Walter Daelemans},
title = {Evaluating Unsupervised Dutch Word Embeddings as a Linguistic Resource},
booktitle = {Proceedings of the Tenth International Conference on Language Resources and Evaluation (LREC 2016)},
year = {2016},
month = {may},
date = {23-28},
location = {Portorož, Slovenia},
editor = {Nicoletta Calzolari (Conference Chair) and Khalid Choukri and Thierry Declerck and Marko Grobelnik and Bente Maegaard and Joseph Mariani and Asuncion Moreno and Jan Odijk and Stelios Piperidis},
publisher = {European Language Resources Association (ELRA)},
address = {Paris, France},
isbn = {978-2-9517408-9-1},
language = {english}
}
@article{kalchbrenner2014convolutional,
title={A convolutional neural network for modelling sentences},
author={Kalchbrenner, Nal and Grefenstette, Edward and Blunsom, Phil},
journal={arXiv preprint arXiv:1404.2188},
year={2014}
}
@article{zhang2015sensitivity,
title={A sensitivity analysis of (and practitioners' guide to) convolutional neural networks for sentence classification},
author={Zhang, Ye and Wallace, Byron},
journal={arXiv preprint arXiv:1510.03820},
year={2015}
}
@incollection{aggarwal2012survey,
title={A survey of text classification algorithms},
author={Aggarwal, Charu C and Zhai, ChengXiang},
booktitle={Mining text data},
pages={163--222},
year={2012},
publisher={Springer}
}
@inproceedings{le2014distributed,
title={Distributed representations of sentences and documents},
author={Le, Quoc and Mikolov, Tomas},
booktitle={International Conference on Machine Learning},
pages={1188--1196},
year={2014}
}
@article{harris1954distributional,
title={Distributional structure},
author={Harris, Zellig S},
journal={Word},
volume={10},
number={2-3},
pages={146--162},
year={1954},
publisher={Taylor \& Francis}
}
@techreport{joachims1996probabilistic,
title={A Probabilistic Analysis of the Rocchio Algorithm with TFIDF for Text Categorization.},
author={Joachims, Thorsten},
year={1996},
institution={Carnegie-mellon univ pittsburgh pa dept of computer science}
}
@inproceedings{sahami1998bayesian,
title={A Bayesian approach to filtering junk e-mail},
author={Sahami, Mehran and Dumais, Susan and Heckerman, David and Horvitz, Eric},
booktitle={Learning for Text Categorization: Papers from the 1998 workshop},
volume={62},
pages={98--105},
year={1998}
}
@article{li1998classification,
title={Classification of text documents},
author={Li, Yong H and Jain, Anil K},
journal={The Computer Journal},
volume={41},
number={8},
pages={537--546},
year={1998},
publisher={Oxford University Press}
}
@inproceedings{joachims2001statistical,
title={A statistical learning learning model of text classification for support vector machines},
author={Joachims, Thorsten},
booktitle={Proceedings of the 24th annual international ACM SIGIR conference on Research and development in information retrieval},
pages={128--136},
year={2001},
organization={ACM}
}
@article{yin2017comparative,
  title={Comparative study of cnn and rnn for natural language processing},
  author={Yin, Wenpeng and Kann, Katharina and Yu, Mo and Sch{\"u}tze, Hinrich},
  journal={arXiv preprint arXiv:1702.01923},
  year={2017}
}
@inproceedings{nam2014large,
  title={Large-scale multi-label text classification—revisiting neural networks},
  author={Nam, Jinseok and Kim, Jungi and Menc{\'\i}a, Eneldo Loza and Gurevych, Iryna and F{\"u}rnkranz, Johannes},
  booktitle={Joint european conference on machine learning and knowledge discovery in databases},
  pages={437--452},
  year={2014},
  organization={Springer}
}
@article{denil2014modelling,
  title={Modelling, visualising and summarising documents with a single convolutional neural network},
  author={Denil, Misha and Demiraj, Alban and Kalchbrenner, Nal and Blunsom, Phil and de Freitas, Nando},
  journal={arXiv preprint arXiv:1406.3830},
  year={2014}
}
@inproceedings{nguyen2015event,
  title={Event detection and domain adaptation with convolutional neural networks},
  author={Nguyen, Thien Huu and Grishman, Ralph},
  booktitle={Proceedings of the 53rd Annual Meeting of the Association for Computational Linguistics and the 7th International Joint Conference on Natural Language Processing (Volume 2: Short Papers)},
  volume={2},
  pages={365--371},
  year={2015}
}
@article{mou2016transferable,
  title={How Transferable are Neural Networks in NLP Applications?},
  author={Mou, Lili and Meng, Zhao and Yan, Rui and Li, Ge and Xu, Yan and Zhang, Lu and Jin, Zhi},
  journal={arXiv preprint arXiv:1603.06111},
  year={2016}
}
@article{pan2010survey,
  title={A survey on transfer learning},
  author={Pan, Sinno Jialin and Yang, Qiang},
  journal={IEEE Transactions on knowledge and data engineering},
  volume={22},
  number={10},
  pages={1345--1359},
  year={2010},
  publisher={IEEE}
}